

@Manual{R,
    title = {R: A Language and Environment for Statistical Computing},
    author = {{R Core Team}},
    organization = {R Foundation for Statistical Computing},
    address = {Vienna, Austria},
    year = {2016},
    url = {https://www.R-project.org/},
  }

@Manual{RStudio, title = {RStudio: Integrated Development Environment for R}, author = {{RStudio Team}}, organization = {RStudio, Inc.}, address = {Boston, MA}, year = {2016}, url = {http://www.rstudio.com/}, }

@article{harris_research_2009,
	title = {Research electronic data capture ({REDCap}) ‚Äù{A} metadata-driven methodology and workflow process for providing translational research informatics support},
	volume = {42},
	issn = {15320464},
	url = {http://linkinghub.elsevier.com/retrieve/pii/S1532046408001226},
	doi = {10.1016/j.jbi.2008.08.010},
	language = {en},
	number = {2},
	urldate = {2016-09-04},
	journal = {Journal of Biomedical Informatics},
	author = {Harris, Paul A. and Taylor, Robert and Thielke, Robert and Payne, Jonathon and Gonzalez, Nathaniel and Conde, Jose G.},
	month = apr,
	year = {2009},
	pages = {377--381}
}

  @Manual{REDCapR,
    title = {REDCapR: Interaction Between R and REDCap},
    author = {Will Beasley},
    year = {2015},
    note = {R package version 0.9.3},
    url = {https://CRAN.R-project.org/package=REDCapR},
  }

  @Manual{knitr,
    title = {knitr: A General-Purpose Package for Dynamic Report
      Generation in R},
    author = {Yihui Xie},
    year = {2016},
    note = {R package version 1.14},
    url = {http://yihui.name/knitr/},
  }

  @Manual{rmarkdown,
    title = {rmarkdown: Dynamic Documents for R},
    author = {JJ Allaire and Joe Cheng and Yihui Xie and Jonathan McPherson and Winston Chang and Jeff Allen and Hadley Wickham and Aron Atkins and Rob Hyndman},
    year = {2016},
    note = {R package version 1.0.9002},
    url = {http://rmarkdown.rstudio.com},
  }

    @Manual{dplyr,
    title = {dplyr: A Grammar of Data Manipulation},
    author = {Hadley Wickham and Romain Francois},
    year = {2016},
    note = {R package version 0.5.0},
    url = {https://CRAN.R-project.org/package=dplyr},
  }

   @Manual{beeswarm,
    title = {beeswarm: The Bee Swarm Plot, an Alternative to Stripchart},
    author = {Aron Eklund},
    year = {2016},
    note = {R package version 0.2.3},
    url = {https://CRAN.R-project.org/package=beeswarm},
  }

 @Manual{qicharts,
    title = {qicharts: Quality Improvement Charts},
    author = {Jacob Anhoej},
    year = {2016},
    note = {R package version 0.5.1},
    url = {https://CRAN.R-project.org/package=qicharts},
  }

  @Article{rworldmap,
    author = {Andy South},
    title = {rworldmap: A New R package for Mapping Global Data},
    journal = {The R Journal},
    year = {2011},
    volume = {3},
    number = {1},
    pages = {35-43},
    month = {June},
    issn = {2073-4859},
    url = {http://journal.r-project.org/archive/2011-1/RJournal_2011-1_South.pdf},
  }


